@book{book:visualization-toolkit,
    author  = {Will Schroeder, Ken Martin, Bill Lorensen},
    title   = {The Visualization Toolkit - An Object-Oriented Approach To 3D Graphics (4th Edition)},
    publisher = {Kitware},
    year    = {2006},
    url = {https://vtk.org/vtk-textbook/}
}

@online{site:VTKExamples,
    title   = {VTKExamples (lorensen.github.io)},
    url     = {https://lorensen.github.io/VTKExamples/}
}

@online{site:VTKDoc,
    title   = {VTK Documentation},
    url     = {https://vtk.org/doc/nightly/html/}
}

@online{site:QtDoc,
    title   = {Qt Documentation},
    url     = {https://doc.qt.io/qt-5/}
}

@online{site:DICOM,
    title   = {DICOM Standard Browser},
    url     = {https://dicom.innolitics.com/ciods}
}

@online{site:CommonTK,
    title   = {CTK Documentation},
    url     = {https://commontk.org/index.php/}
}

@online{site:CommonTK,
    title   = {CTK Documentation},
    url     = {https://commontk.org/index.php/}
}

@online{site:ITK,
    title   = {ITK Documentation},
    url     = {https://itk.org/Doxygen/html/}
}

@online{site:GSquared,
    title   = {Gsquared.it (biografia e prodotti)},
    url     = {https://www.gsquared.it/it}
}

@online{site:WikipediaRayTracing,
    title   = {Wikipedia - Ray tracing},
    url     = {https://en.wikipedia.org/wiki/Ray_tracing_(graphics)}
}

@online{site:WikipediaVolumeRendering,
    title   = {Wikipedia - Volume rendering},
    url     = {https://en.wikipedia.org/wiki/Volume_rendering}
}

@online{site:WikipediaMIP,
    title   = {Wikipedia - Maximum intensity projection},
    url     = {https://en.wikipedia.org/wiki/Maximum_intensity_projection}
}
